
<marc:record><marc:leader>02793 ai a22005053i 4500</marc:leader>
<marc:controlfield tag="001">001248975</marc:controlfield>
<marc:controlfield tag="005">20231012104000.0</marc:controlfield><marc:controlfield tag="006">m     o  d f      </marc:controlfield><marc:controlfield tag="007">cr</marc:controlfield><marc:controlfield tag="008">231002c20239999dcu x w ol   f0    2eng d</marc:controlfield><marc:datafield tag="040" ind1=" " ind2=" "><marc:subfield code="a">GPO</marc:subfield><marc:subfield code="b">eng</marc:subfield><marc:subfield code="e">rda</marc:subfield><marc:subfield code="e">pn</marc:subfield><marc:subfield code="c">GPO</marc:subfield></marc:datafield><marc:datafield tag="043" ind1=" " ind2=" "><marc:subfield code="a">n-us---</marc:subfield></marc:datafield><marc:datafield tag="086" ind1="0" ind2=" "><marc:subfield code="a">Y 1.4/6:118-1/5242/</marc:subfield></marc:datafield><marc:datafield tag="110" ind1="1" ind2=" "><marc:subfield code="a">United States.</marc:subfield><marc:subfield code="b">Congress</marc:subfield><marc:subfield code="n">(118th, 1st Session :</marc:subfield><marc:subfield code="d">2023).</marc:subfield><marc:subfield code="b">House,</marc:subfield><marc:subfield code="e">author.</marc:subfield></marc:datafield><marc:datafield tag="245" ind1="1" ind2="0"><marc:subfield code="a">To Amend the Rural Electrification Act of 1936 to Reform Broadband Permitting, and for Other Purposes.</marc:subfield></marc:datafield><marc:datafield tag="246" ind1="1" ind2=" "><marc:subfield code="i">Short title:</marc:subfield><marc:subfield code="a">Connecting Our Neighbors to Networks and Ensuring Competitive Telecommunications Act of 2023</marc:subfield></marc:datafield><marc:datafield tag="246" ind1="1" ind2=" "><marc:subfield code="i">At head of title:</marc:subfield><marc:subfield code="a">H.R. 5242</marc:subfield></marc:datafield><marc:datafield tag="264" ind1=" " ind2="1"><marc:subfield code="a">[Washington, D.C.] :</marc:subfield><marc:subfield code="b">[U.S. Government Publishing Office],</marc:subfield><marc:subfield code="c">2023-</marc:subfield></marc:datafield><marc:datafield tag="300" ind1=" " ind2=" "><marc:subfield code="a">1 online resource</marc:subfield></marc:datafield><marc:datafield tag="310" ind1=" " ind2=" "><marc:subfield code="a">Updated irregularly</marc:subfield></marc:datafield><marc:datafield tag="336" ind1=" " ind2=" "><marc:subfield code="a">text</marc:subfield><marc:subfield code="b">txt</marc:subfield><marc:subfield code="2">rdacontent</marc:subfield></marc:datafield><marc:datafield tag="337" ind1=" " ind2=" "><marc:subfield code="a">computer</marc:subfield><marc:subfield code="b">c</marc:subfield><marc:subfield code="2">rdamedia</marc:subfield></marc:datafield><marc:datafield tag="338" ind1=" " ind2=" "><marc:subfield code="a">online resource</marc:subfield><marc:subfield code="b">cr</marc:subfield><marc:subfield code="2">rdacarrier</marc:subfield></marc:datafield><marc:datafield tag="500" ind1=" " ind2=" "><marc:subfield code="a">Batch processed record.</marc:subfield></marc:datafield><marc:datafield tag="500" ind1=" " ind2=" "><marc:subfield code="a">This record provides access to the versions of this bill or resolution published in the United States Government Publishing Office's (GPO) GovInfo system. To see the versions, use the GPO PURL. To see the actions related to this bill or resolution, use the Congress.gov URL.</marc:subfield></marc:datafield><marc:datafield tag="500" ind1=" " ind2=" "><marc:subfield code="a">At head of title: 118th Congress, 1st session.</marc:subfield></marc:datafield><marc:datafield tag="500" ind1=" " ind2=" "><marc:subfield code="a">Sponsor(s): Representative Brittany Pettersen.</marc:subfield></marc:datafield><marc:datafield tag="500" ind1=" " ind2=" "><marc:subfield code="a">Cosponsor(s): Representative Juan Ciscomani.</marc:subfield></marc:datafield><marc:datafield tag="500" ind1=" " ind2=" "><marc:subfield code="a">Referred committee(s): House Committee on Agriculture, House Committee on Energy and Commerce.</marc:subfield></marc:datafield><marc:datafield tag="500" ind1=" " ind2=" "><marc:subfield code="a">Date of introduction: &quot;August 18, 2023.&quot;</marc:subfield></marc:datafield><marc:datafield tag="500" ind1=" " ind2=" "><marc:subfield code="a">United States Congress chamber(s): United States House of Representatives.</marc:subfield></marc:datafield><marc:datafield tag="500" ind1=" " ind2=" "><marc:subfield code="a">United States federal government branch: Legislative branch.</marc:subfield></marc:datafield><marc:datafield tag="500" ind1=" " ind2=" "><marc:subfield code="a">Access ID (GovInfo): BILLS-118hr5242ih.</marc:subfield></marc:datafield><marc:datafield tag="500" ind1=" " ind2=" "><marc:subfield code="a">Pagination at time of introduction: 16 pages.</marc:subfield></marc:datafield><marc:datafield tag="500" ind1=" " ind2=" "><marc:subfield code="a">In scope of the U.S. Government Publishing Office Cataloging and Indexing Program (C&amp;I) and Federal Depository Library Program (FDLP).</marc:subfield></marc:datafield><marc:datafield tag="588" ind1="0" ind2=" "><marc:subfield code="a">GovInfo.gov metadata; title from caption of the introduced version (GovInfo, August 18, 2023).</marc:subfield></marc:datafield><marc:datafield tag="650" ind1=" " ind2="0"><marc:subfield code="a">Agricultural laws and legislation</marc:subfield><marc:subfield code="z">United States.</marc:subfield></marc:datafield><marc:datafield tag="650" ind1=" " ind2="7"><marc:subfield code="a">Agriculture and Food.</marc:subfield><marc:subfield code="2">cgpa</marc:subfield></marc:datafield><marc:datafield tag="655" ind1=" " ind2="7"><marc:subfield code="a">Legislative bills.</marc:subfield><marc:subfield code="2">lcgft</marc:subfield></marc:datafield><marc:datafield tag="710" ind1="1" ind2=" "><marc:subfield code="a">United States.</marc:subfield><marc:subfield code="b">Congress.</marc:subfield><marc:subfield code="b">House.</marc:subfield><marc:subfield code="b">Committee on Agriculture.</marc:subfield></marc:datafield><marc:datafield tag="710" ind1="1" ind2=" "><marc:subfield code="a">United States.</marc:subfield><marc:subfield code="b">Congress.</marc:subfield><marc:subfield code="b">House.</marc:subfield><marc:subfield code="b">Committee on Energy and Commerce.</marc:subfield></marc:datafield><marc:datafield tag="856" ind1="4" ind2="0"><marc:subfield code="u">https://purl.fdlp.gov/GPO/gpo218033</marc:subfield><marc:subfield code="7">0</marc:subfield></marc:datafield><marc:datafield tag="856" ind1="4" ind2=" "><marc:subfield code="z">Address at time of PURL creation</marc:subfield><marc:subfield code="u">https://www.govinfo.gov/app/details/BILLS-118hr5242ih/related</marc:subfield></marc:datafield><marc:datafield tag="856" ind1="4" ind2="2"><marc:subfield code="z">Congress.gov</marc:subfield><marc:subfield code="u">https://www.congress.gov/bill/118th-congress/HR/5242/all-info?r=1&amp;s=1&amp;allSummaries=show</marc:subfield></marc:datafield><marc:datafield tag="922" ind1=" " ind2=" "><marc:subfield code="a">BILLSRESOLUTIONS</marc:subfield></marc:datafield></marc:record>